@techreport{LAMTRE1072,
    author    = "LeFur, Arnaud and Siddiqui, Hassan",
    title     = "{S}{P}{S} Software Test Cases",
    institution = "LAM",
    year      = "2019",
    note     = "\url{https://sumire.pbworks.com/w/file/136708941/PFS-SPS-LAMPRC1072_SW-TestCases.pdf}",
}
